<?xml version="1.0" encoding="UTF-8"?><record xmlns="http://www.loc.gov/MARC21/slim" xmlns:cinclude="http://apache.org/cocoon/include/1.0" xmlns:zs="http://www.loc.gov/zing/srw/">
  <leader>01341cz  a2200289n  4500</leader>
  <controlfield tag="001">n  83723820 </controlfield>
  <controlfield tag="003">DLC</controlfield>
  <controlfield tag="005">20121208074803.0</controlfield>
  <controlfield tag="008">830511n| azabbaaan          |a ana      </controlfield>
  <datafield tag="010" ind1=" " ind2=" ">
    <subfield code="a">n  83723820 </subfield>
  </datafield>
  <datafield tag="035" ind1=" " ind2=" ">
    <subfield code="a">(OCoLC)oca01047332</subfield>
  </datafield>
  <datafield tag="040" ind1=" " ind2=" ">
    <subfield code="a">DLC</subfield>
    <subfield code="b">eng</subfield>
    <subfield code="e">rda</subfield>
    <subfield code="c">DLC</subfield>
    <subfield code="d">DLC</subfield>
    <subfield code="d">NNC</subfield>
    <subfield code="d">IEN</subfield>
  </datafield>
  <datafield tag="130" ind1=" " ind2="0">
    <subfield code="a">Handbuch der deutschen Kunstdenkmäler</subfield>
  </datafield>
  <datafield tag="400" ind1="1" ind2=" ">
    <subfield code="a">Dehio, Georg,</subfield>
    <subfield code="d">1850-1932.</subfield>
    <subfield code="t">Handbuch der deutschen Kunstdenkmäler</subfield>
  </datafield>
  <datafield tag="410" ind1="2" ind2=" ">
    <subfield code="a">Dehio-Vereinigung.</subfield>
    <subfield code="t">Handbuch der deutschen Kunstdenkmäler</subfield>
  </datafield>
  <datafield tag="410" ind1="2" ind2=" ">
    <subfield code="a">Institut für Denkmalpflege.</subfield>
    <subfield code="b">Abteilung Forschung.</subfield>
    <subfield code="t">Handbuch der deutschen Kunstdenkmäler</subfield>
  </datafield>
  <datafield tag="430" ind1=" " ind2="0">
    <subfield code="a">Dehio Handbuch (Munich, Germany)</subfield>
  </datafield>
  <datafield tag="430" ind1=" " ind2="0">
    <subfield code="a">Georg Dehio Handbuch der deutschen Kunstdenkmäler</subfield>
  </datafield>
  <datafield tag="430" ind1=" " ind2="0">
    <subfield code="a">Handbuch von Georg Dehio</subfield>
  </datafield>
  <datafield tag="643" ind1=" " ind2=" ">
    <subfield code="a">München</subfield>
    <subfield code="b">Deutscher Kunstverlag</subfield>
  </datafield>
  <datafield tag="644" ind1=" " ind2=" ">
    <subfield code="a">f</subfield>
    <subfield code="5">DLC</subfield>
  </datafield>
  <datafield tag="645" ind1=" " ind2=" ">
    <subfield code="a">t</subfield>
    <subfield code="5">DLC</subfield>
  </datafield>
  <datafield tag="646" ind1=" " ind2=" ">
    <subfield code="a">s</subfield>
    <subfield code="5">DLC</subfield>
  </datafield>
  <datafield tag="670" ind1=" " ind2=" ">
    <subfield code="a">Backes, M. Hessen, 1982:</subfield>
    <subfield code="b">t.p. verso</subfield>
  </datafield>
  <datafield tag="670" ind1=" " ind2=" ">
    <subfield code="a">Bezirke Berlin/DDR und Potsdam, 1983:</subfield>
    <subfield code="b">verso t.p. (Series issued by Abteilung Forschung des Instituts für Denkmalpflege)</subfield>
  </datafield>
  <datafield tag="670" ind1=" " ind2=" ">
    <subfield code="a">Bremen, Niedersachsen, 1992:</subfield>
    <subfield code="b">ser. t.p. (Handbuch der deutschen Kunstdenkmäler) spine (Dehio Handbuch)</subfield>
  </datafield>
  <datafield tag="670" ind1=" " ind2=" ">
    <subfield code="a">Sachsen-Anhalt 1, Regierungsbezirk Magdeburg, 2002:</subfield>
    <subfield code="b">half t.p. (Georg Dehio Handbuch der deutschen Kunstdenkmäler) jkt. (Handbuch von Georg Dehio)</subfield>
  </datafield>
</record>